@Article{MR-GB:11,
  author = 	 {J. Cortes ,S. Martinez,T. Karatas, and F. Bullo??? NON SCRIVE CORRETTAMENTE},   title = 	 {"Coverage control for mobile sensing networks"},
  journal = 	 {IEEE Transactions on Robotics and Automation},
  year = 	 {2004},
  OPTkey = 	 {},
  volume = 	 {vol. 20},
  number = 	 {no. 2},
  pages = 	 {pp. 243-255},
  OPTmonth = 	 {},
  OPTnote = 	 {},
  OPTannote = 	 {}    
}

